4268 5549
2833 517 3036 615 Nn-

393 723 725 807 fiistine't.'
804 720 1141 828 ·‘Olynth.
1186 724 1404 828 11.-=p,
1429 743 1551 826 7.’
1613 718 1829 826 Quid
1862 719 2460 806 Demosthenem
2517 721 2753 807 dico?
2780 720 3030 809 *Sem

394 845 591 920 tiunt
627 841 877 944 idem,
926 839 1138 950 quod
1170 834 1623 945 Apostolus,
1696 841 1837 947 qui
1885 836 2233 919 instindiu
2292 842 2561 922 diuino
2612 841 3029 954 afflatuque·-

400 961 821 1039 concitatus
872 956 1042 1038 talia
1077 957 1357 1057 flagitia
1386 979 1489 1033 ne
1529 953 1980 1034 nominanda
2032 952 2341 1062 quidem
2375 953 2731 1038 decernit.
2791 986 2794 990 ·
2917 1020 2920 1024 Α
2969 1032 2971 1035 ,

603 1072 758 1155 An
782 1072 1217 1167 statuemus
1253 1065 1437 1148 boni
1462 1065 1816 1149 historici
1846 1067 2028 1170 effe,
2086 1068 2347 1177 spurce
2392 1068 2869 1183 obsceneque
2912 1068 3031 1155 fa-⁸

400 1180 542 1269 &is
569 1214 731 1269 non
761 1184 1008 1268 modo
1035 1182 1445 1291 cogitando
1477 1186 1865 1264 immorari
1887 1245 1912 1286 ‚
1961 1210 2228 1265 vermn
2278 1190 2504 1268 etiam
2542 1185 2722 1269 stilo'
2739 1226 2746 1244 ·
2768 1188 3028 1296 perse--

395 1308 528 1412 qui
562 1323 640 1383 et
667 1326 959 1382 narrare
987 1326 1116 1400 ea,
1174 1324 1366 1413 quae
1402 1300 1705 1380 >nemini
1740 1295 1977 1381 obiici
2020 1327 2117 1381 ne
2166 1299 2288 1382 ab*
2332 1302 3029 1415 inimicozquidem.

392 1416 674 1525 poffint
703 1411 1188 1498 verecundo?
1246 1417 1444 1520 Qis
1476 1418 1709 1520 igitur
1749 1440 1906 1496 non
1940 1413 2391 1513 laudandum
2444 1423 2699 1525 potius
2756 1427 3012 1502 Hero-

396 1531 736 1631 dianum,
787 1558 1010 1643 quam
1052 1529 1654 1636 vituperandum,
1700 1529 1952 1635 ducat,
2022 1532 2245 1645 quod».
2298 1530 2461 1614 talia
2513 1534 2645 1615 aut
2709 1534 3008 1643 prorius

391 1654 936 1758 praetermittit,
992 1672 1140 1746 aut,
1180 1646 1228 1726 fi
1265 1652 1850 1752 praetermittere
1891 1673 2046 1730 non
2076 1642 2363 1756 potest,
2403 1646 2849 1734 breuitatem
2880 1650 3031 1731 ad·-

390 1762 644 1863 hibet,
704 1783 784 1844 et
810 1762 1032 1844 verba
1070 1761 1557 1840 occultandae
1591 1760 2032 1868 turpitudini
2064 1784 2275 1870 apta:
2314 1784 2435 1863 vt,
2492 1794 2498 1800 ·
2569 1792 2757 1849 uum
2798 1763 3026 1848 fuiffe-

395 1899 645 1960 narra-t
659 1943 681 1984 ,
698 1912 710 1933 v
727 1884 858 1987 'qui
902 1896 1497 1983 praetereuntem
1529 1876 1894 1957 Iulianum
1923 1874 2339 1960 maledistis
2357 1793 2910 1982 insessiarentuss
2930 1899 3023 1962 et·

395 2014 650 2104 turpes
681 1997 750 2074 ei
790 1989 1295 2105 ambzssguafijue
1313 1991 1715 2103 voluptates
1736 1989 2297 2100 exprobrarent.
2356 1998 2462 2096 11,
2502 2019 2578 2100 7;
2638 1996 3024 2078 Incestum·

395 2106 623 2192 Iuliae
662 2136 838 2191 cum
880 2103 1249 2193 Caracalla
1289 2109 1792 2198 concubitum,
1819 2127 1946 2189 aut
1977 2111 2394 2214 ignorauit,
2466 2132 2595 2193 aut
2640 2139 2797 2194 non
2840 2138 3025 2206 cre-²·
3077 2189 3085 2201 ,

395 2223 612 2328 didit,
669 2248 820 2329 aut,
846 2225 900 2307 fi
929 2227 1290 2326 credidit,
1347 2249 1502 2304 non
1560 2221 1702 2304 effe
1748 2223 1922 2305 suae
1970 2226 2467 2308 verecundiae
2525 2227 3001 2329 existimauit,

393 2361 555 2423 tam
585 2338 1005 2423 nefandum
1028 2337 1326 2422 facinus
1383 2339 1476 2420 ad
1498 2345 1956 2420 memoriam
2020 2341 2679 2452 posteritatemque
2724 2343 3025 2450 prode-5

390 2486 499 2539 re.
551 2536 566 2550 ,
613 2461 796 2537 Non
830 2451 946 2536 est‘
970 2453 1634 2561 religioninarrare
1665 2453 1819 2536 hoc
1848 2450 2134 2537 facinus
2158 2455 2411 2537 Asslio
2440 2457 2880 2567 Lampridio
2918 2463 3023 2539 in·

392 2576 796 2656 Antonino
836 2568 1213 2655 Caracalla
1247 2599 1317 2652 c.
1362 2575 1458 2671 X,
1507 2597 1665 2652 non
1721 2569 2043 2652 Aurelio
2091 2569 2379 2655 Vieiori
2427 2573 2523 2655 de
2569 2571 3003 2659 Caesaribus

392 2717 457 2770 c.
494 2694 765 2790 XXXI,
807 2714 967 2769 non
997 2683 1319 2769 Eusebio
1351 2683 1677 2799 denique
1705 2706 1782 2768 et
1815 2692 2207 2797 Eutropio.
2322 2687 2628 2796 Quibus
2663 2689 2886 2801 aliqui
2919 2709 3021 2772 vt·

391 2805 631 2905 fidem
657 2804 1065 2911 derogent,
1116 2800 1544 2902 obstruant,
1594 2798 1696 2884 ab
1726 2802 1927 2887 hisce
1939 2802 2427 2913 scriptoribus
2467 2806 3020 2891 omnibusmae

385 2918 460 3000 le
495 2942 584 3001 ac
612 2944 1009 3026 perperam
1034 2915 1298 2995 Iuliam
1332 2917 1484 2994 dici
1514 2915 1936 2994 Caracallae
1981 2945 2389 2998 nouercam
2411 2980 2462 3037 ,ἢ
2489 2949 2727 3029 quum
2772 2918 3024 3007 fuerit.

386 3053 649 3117 mater.
764 3036 951 3136 Qio
981 3028 1142 3136 ipso
1171 3026 1362 3111 mihi
1388 3024 1818 3112 'caracallae
1847 3025 2094 3110 scelus.
2140 3057 2301 3113 non
2329 3051 2485 3114 tam
2515 3030 2852 3118 refellere
2882 3039 2998 3115 vi-

397 3150 668 3230 dentur
701 3166 778 3231 et
811 3170 1263 3250 coarguere,
1320 3146 1870 3255 quam'augere.
1990 3150 2187 3250 Qis
2238 3148 2510 3251 nescit,
2554 3148 2782 3233 rebus
2824 3178 3023 3242 vere,

224 3249 227 3250 f
348 3268 359 3274 ’
394 3260 611 3347 fastis
651 3260 866 3371 eulpa
896 3264 1349 3342 narrantium
1381 3257 2108 3345 subinde‘admisceri
2143 3264 2512 3374 quaedam
2551 3293 2593 3347 a
2622 3295 2806 3349 vero
2825 3265 3026 3349 alie-‚

398 3380 542 3464 na?
601 3378 796 3461 Aliis
825 3376 951 3459 hic
983 3374 1257 3484 placuit
1281 3397 1728 3481 argumento
1756 3380 1862 3461 vti
1885 3377 2232 3481 inficiali,
2281 3377 2521 3464 dudio
2554 3380 2685 3466 illo
2732 3370 2773 3465 a
2818 3377 3000 3466 scriss

395 3518 708 3605 prorum
770 3491 1105 3573 eiusdem
1184 3495 1443 3573 aetatis
1470 3553 1477 3557 >
1507 3487 1798 3574 filentio
1852 3555 1877 3595 ,
1937 3519 2025 3576 ac
2085 3494 2518 3601 praesertim
2563 3500 3057 3582 Herodiania*

397 3618 588 3718 Qo
622 3608 805 3690 loco
836 3630 994 3688 non
1019 3604 1498 3712 repetanrid,
1555 3606 1766 3715 quod
1797 3606 2162 3711 iamdixi‚
2218 3638 2498 3721 nempe
2529 3642 2689 3697 non
2717 3616 2798 3698 id
2813 3603 2999 3699 con·

397 3726 530 3812 filii
563 3722 1006 3808 Herodiano
1043 3716 1262 3802 fuisse
1290 3725 1371 3801 in
1397 3718 1758 3802 tradenda
1792 3721 1900 3802 sui
1928 3730 2295 3832 temporis
2325 3726 2671 3826 historia‚z
2709 3729 2999 3812 vtmul-

398 3864 566 3925 tum
612 3846 693 3922 in
718 3836 1188 3921 recensendis
1222 3839 1650 3944 principum
1679 3840 1992 3945 impuris
2031 3842 2328 3945 flagitiis
2345 3844 2785 3927 versaretur:
2817 3843 3003 3928 illud

393 3985 626 4041 vnum
654 3981 892 4062 vrgeo
926 4018 951 4053 ‚
1035 3979 1194 4035 non
1229 3952 1467 4034 videri
1498 3953 2019 4037 Herodianum
2050 3958 2418 4040 incestum
2442 3959 2659 4043 istum
2696 3963 2997 4069 prorsus

400 4070 751 4174 omifill'e,
808 4068 938 4151 sed
1008 4066 1272 4150 leuiter
1333 4067 1671 4151 transiiss‘e
1738 4073 2278 4156 tantummodo
2343 4094 2420 4157 et
2484 4077 2997 4184 perstrinxisse.

393 4196 699 4297 Quanta
733 4187 1077 4268 dicacitas
1108 4186 1187 4265 in
1239 4183 1693 4269 Caracallum
1727 4182 1953 4268 fuerit
1988 4188 2680 4274 Alexandrinorum
2702 4257 2727 4298 ‚
2790 4223 2993 4278 nunc

401 4312 474 4387 ei
506 4304 902 4385 fraternam
949 4297 1306 4401 caedem,
1395 4328 1599 4383 nunc
1650 4305 1989 4409 ineptum
2038 4302 2361 4387 Achillis
2435 4306 2999 4423 Alexandrique

395 4420 737 4510 imitandi
758 4416 1118 4522 studium,
1149 4412 1765 4528 exprobrantium
1779 4478 1805 4519 ,
1849 4444 2052 4504 nunc
2081 4440 2398 4517 matrem
2432 4427 2593 4509 eius
2634 4430 2996 4511 Iocastam

2687 4665 2692 4674 Ι
2751 4542 2994 4651 appel-
