4268 5549
1222 431 1364 528 W?

1220 655 1416 737 pum
1453 625 2016 725 admonendam
2049 692 2072 731 ,
2102 648 2211 741 „et
2242 654 2383 739 pro
2414 612 2924 737 ἐβδομῆκονται
2953 625 3549 717 substituendum
3582 621 3857 742 ὲξῆκωι

1224 780 1357 844 am.
1471 743 1806 852 Qando
1837 749 2043 828 enim
2079 744 2267 831 haec
2304 743 2671 831 vocabula
2706 774 2865 829 non
2920 746 3196 850 lituis,
3276 749 3855 836 sedarithmeti·

1227 891 1499 953 corum
1527 860 1787 970 figniS,
1818 867 2388 972 exprimuntur,
2459 856 2678 944 facile
2737 861 2946 971 posse
3002 861 3322 963 alterum
3346 894 3544 961 cum
3587 869 3852 973 altero,

1229 1006 1375 1097 qua
1405 977 1793 1061 demendo
1820 976 2129 1089 aliquid,
2180 1002 2322 1090 qua
2356 975 2754 1079 addendo,
2730 985 3239 1175 ,germunt-i.
3356 988 3568 1089 Qas
3600 1005 3854 1081 autem

1229 1123 1349 1180 res
1377 1097 1749 1207 temporis
1779 1117 1934 1176 tam
1965 1093 2174 1228 longi
2214 1092 2655 1203 prodiderit,
2714 1094 2796 1177 su
2903 1095 3138 1197 finem
3173 1094 3339 1183 libri
3385 1099 3693 1183 secundi
3739 1106 3857 1182 in-

1231 1212 1466 1329 dicat:
1523 1240 1680 1324 quo
1716 1211 1896 1293 loco
1925 1214 2244 1293 tacitum
2276 1210 2352 1292 se
2381 1215 2954 1321 praeteriturum
2986 1233 3250 1319 negat,
3301 1209 3355 1297 fi
3388 1215 3576 1324 quid
3605 1215 3853 1301 modo

1229 1316 1621 1437 mentione
1680 1327 2039 1433 dignum
2028 1328 2574 1435 memoriaque
2619 1326 2982 1415 videatur.
3112 1333 3381 1433 Qum
3412 1330 3618 1430 dice,
3670 1359 3854 1414 eum
3980 1371 3987 1378 ·

1232 1472 1353 1528 res
1389 1446 1779 1526 mentione
1825 1443 2084 1547 dignas
2119 1440 2575 1575 prodidiffe,
2632 1439 2875 1525 nolim
2931 1462 3277 1525 veterum
3323 1443 3857 1531 historicorum

1235 1559 1695 1666 diligentiam
1727 1557 1819 1640 ad
1877 1556 2104 1643 huius
2137 1560 2407 1640 «aetatis
2455 1556 2912 1694 scriptorum
2961 1559 3442 1670 quorundam
3503 1589 3859 1657 normam

1236 1681 1461 1782 exigi,
1508 1702 1840 1785 quorum
1872 1672 2253 1780 diligentia
2290 1672 2576 1781 saepius
2608 1673 2786 1756 sanc
2834 1678 3062 1756 nimia
3119 1674 3284 1776 est,
3363 1679 3650 1785 quippe
3690 1683 3856 1789 qui-

1234 1790 1378 1876 bus
1411 1790 1680 1897 religio
1713 1790 1856 1892 est,
1914 1794 2268 1870 omittere
2281 1793 2770 1898 principum,
2823 1815 3159 1901 quorum
3191 1816 3307 1871 res
3327 1812 3644 1895 narrant,
3676 1820 3860 1876 con

1236 1913 1449 2016 iuges
1481 1905 1903 2017 liberosque
1963 1927 2334 2017 peraeque
2367 1931 2683 2009 omneS,
2739 1903 2868 1992 etfi
2906 1904 3060 1987 dici
3116 1903 3211 1993 de
3258 1903 3402 1988 illis
3450 1856 3644 1990 nihil
3686 1909 3858 2018 pos·

1168 2116 1188 2135 ,
1238 1976 1367 2109 fito
1348 2086 1373 2126 ,
1442 2021 1655 2134 quod
1685 2022 2128 2128 posteritatis
2178 2018 2452 2103 interfit
2485 2020 2791 2105 discere.
2941 2019 3074 2105 Ad
3122 2019 3320 2104 hanc
3364 2021 3855 2130 diligentiam,

1238 2137 1291 2224 fi
1338 2138 1582 2220 modo
1620 2136 2001 2244 diligentia
2054 2136 2517 2220 nominanda
2548 2137 2698 2239 est,
2776 2132 3124 2245 profesto
3155 2164 3315 2221 non
3350 2139 3645 2223 accedit
3697 2147 3860 2224 He·

1238 2255 1634 2355 rodianus,
1718 2259 1846 2362 qui
1890 2251 2028 2334 tibi
2075 2257 2513 2363 neutiquam
2575 2249 3065 2355 satisfecerit,
3122 2254 3546 2339 Commodi
3598 2251 3862 2343 fratres

1238 2365 1559 2456 cunstos
1620 2363 2070 2479 cunctasque
2122 2368 2912 2475 sorores-cognoscere
2944 2371 3320 2476 cupienti.
3464 2379 3669 2454 Duas
3717 2378 3851 2467 Sc-

1241 2489 1486 2598 ptimii
1522 2489 1775 2567 Seueri
1808 2486 1994 2567 filias
2031 2511 2125 2566 ne
2163 2489 2504 2566 nominat
2540 2484 2892 2595 quidem.
3009 2490 3259 2570 Tacet
3295 2485 3391 2567 de
3442 2486 3622 2569 Iulia
3672 2493 3872 2569 Pau·

1241 2601 1353 2705 la,
1410 2598 1819 2709 Elagabali‚
1851 2601 1945 2682 de
1975 2599 2299 2683 Sallustia
2346 2597 2608 2682 Barbia
2664 2598 2998 2685 Orbiana
3031 2661 3056 2702 ‚
3143 2598 3554 2685 Alexandri
3603 2605 3859 2687 Seueri

1246 2744 1528 2818 vxore,
1588 2715 1685 2799 de
1716 2713 1872 2799 aliis
1931 2713 2471 2825 compluribus.
2618 2721 2802 2799 Non
2850 2736 3103 2800 tamen
3154 2720 3342 2823 tegit
3399 2715 3686 2804 filentio
3736 2744 3860 2801 eas

1246 2840 1784 2944 imperatorum
1824 2860 2146 2938 vxoreS,
2205 2861 2399 2945 quae
2453 2831 2575 2915 vel
2635 2831 2947 2946 aliquod
2989 2849 3475 2922 momentum
3540 2838 3621 2916 in
3664 2831 3864 2924 bene

1246 2971 1373 3035 aut
1405 2947 1600 3031 male
1635 2947 2200 3030 administranda
2248 2977 2400 3054 rep.
2455 2943 2784 3028 facerent
2835 3007 2860 3048 ,
2945 2948 3064 3028 vel
3112 2976 3305 3056 quae
3356 2976 3515 3029 non
3570 2950 3863 3056 possent

1246 3069 1553 3167 omitti,
1615 3068 1881 3175 quini
1833 3061 2045 3144 simul
2095 3067 2571 3145 omitteretur
2598 3059 2918 3171 aliquid,
2975 3063 3175 3144 vnde
3209 3061 3625 3169 intelligam,
3694 3069 3863 3177 qui·

1242 3179 1391 3265 bus
1422 3207 1521 3264 ex
1554 3179 1819 3264 caussis
1856 3206 1973 3262 res
2005 3175 2285 3261 fuerint
2331 3198 2590 3278 ortae,
2641 3174 2914 3287 quibus
2962 3175 3281 3259 consiliis
3329 3180 3616 3284 gestae,
3694 3183 3862 3290 qui-

1247 3296 1394 3389 bus
1441 3293 1729 3378 auxiliis
1762 3295 2094 3396 adiutae,
2146 3320 2305 3403 quo
2341 3291 2671 3402 denique
2705 3292 2973 3374 ordine
3021 3319 3060 3373 a
3101 3297 3361 3400 primis
3393 3297 3625 3378 initiis
3660 3295 3758 3377 ad
3772 3296 3865 3375 fi.
3917 3359 3926 3370 .

1249 3440 1426 3506 nem
1458 3410 2279 3548 progreffae.Q1um
2336 3412 2542 3489 enim
2612 3406 3030 3492 Herodiani
3087 3408 3391 3500 historia
3438 3408 3716 3495 habeat
3764 3400 3864 3504 ‘td

1250 3510 1810 3643 πραγματικόν,
1856 3524 2013 3606 hoc
2048 3525 2178 3630 est,
2232 3552 2468 3635 quum
2501 3523 2851 3634 prospere
2884 3544 2961 3606 et
2990 3525 3202 3610 secus
3230 3520 3427 3607 fadia
3461 3521 3656 3618 cuin
3689 3553 3865 3616 cau..

1248 3645 1341 3732 fis
1375 3641 1725 3753 copulet,
1785 3642 1962 3723 non
1948 3646 2225 3751 potuit
2258 3668 2413 3723 non
2449 3668 2705 3722 earum
2737 3638 3141 3724 mulierum
3187 3643 3498 3724 iniicere
3530 3646 3864 3728 mentio-

1250 3789 1432 3846 nem
1462 3822 1487 3864 ,
1542 3777 1848 3892 propter
1875 3784 2194 3869 quarum
2227 3754 2347 3837 vel
2394 3759 2698 3837 virtutes
2756 3756 2878 3838 vel
2930 3759 3101 3837 vitia
3152 3781 3269 3838 res
3326 3782 3635 3843 romana
3664 3785 3866 3846 nunc

1257 3875 1405 3959 labi
1448 3877 1744 3980 coepit,
1806 3900 2006 3954 nunc
2040 3873 2362 3978 surgere.
2419 3868 2791 3954 Lucillam
2821 3876 3068 3983 itaque
3100 3869 3626 3986 Fadillamque,
3678 3875 3863 3964 duas

1246 3987 1681 4080 Commodi
1712 3987 2030 4090 lororeS,
2049 3990 2408 4070 nominat.
2525 3983 2783 4069 Altera
2819 3990 3024 4069 enim
3058 3986 3415 4076 seditiosis
3450 3991 3867 4074 molitioni·

1259 4105 1403 4190 bus
1430 4103 1669 4186 fratris
1702 4102 2076 4185 saeuitiam
2112 4101 2634 4210 exasperauit:
2664 4100 2890 4185 altera
2922 4099 3295 4213 patefasto
3326 4105 3681 4194 Cleandri
3713 4110 3868 4191 lec*

1261 4221 1412 4304 lere
1460 4217 1792 4301 eundem
1829 4218 2167 4325 periculo
2202 4217 2570 4300 liberauit.
2681 4224 2797 4302 Ne
2826 4218 2922 4302 de
2957 4225 3238 4303 Marcia
3256 4220 3592 4329 quidem,
3630 4226 3866 4306 Com

1260 4336 1482 4423 modi
1520 4331 2003 4444 concubina,
2061 4333 2275 4447 loqui
2306 4332 2764 4445 supersedet,
2847 4340 3060 4420 cuius
3113 4333 3456 4427 consiliis
3482 4336 3867 4458 clandestip

3666 4525 3673 4533 .
3751 4457 3874 4541 nis
