4268 5549
1312 690 1512 791 vm,
1538 710 1609 790 5,
1641 709 1743 790 13,
1797 681 1952 765 hoc
1998 676 2176 783 est,
2197 700 2306 764 vt
2334 677 2627 765 obfidio
2680 680 3186 763 videreturlin
3235 677 3662 767 obfidentes
3698 672 3925 771 versa.

1310 805 1674 907 Quml,
1730 826 1809 909 4.
1843 826 1947 882 20
2001 744 2288 881 ludlum
2328 823 2426 880 ex
2456 796 2674 881 obitu
2710 801 2952 879 Marc1
2969 799 3340 881 Antonini
3371 822 3634 904 narrat,
3657 792 3926 883 omnes

1312 924 1422 1000 ait
1484 919 1830 997 nuntium
1879 914 1976 995 de
2024 919 2495 1024 imperatoris
2560 900 2811 994 morte
2855 911 3107 994 multis
3147 912 3465 999 lacrimis
3516 916 3925 1022 excepiss'e,

1323 1058 1654 1142 eumque
1714 1058 1984 1114 omnes
2038 1031 2251 1111 velut
2301 1057 2444 1112 vna
2509 1056 2705 1143 voce
2739 1089 2764 1129 ,
2871 1028 3061 1113 alios
3114 1051 3495 1137 parentem
3551 1027 3928 1140 probum,

1326 1146 1513 1231 alios
1577 1145 1866 1229 bonum
1951 1150 2483 1254 imperatorem
2515 1201 2537 1241 ,
2626 1143 2990 1256 quosdam
3053 1140 3534 1227 fortiffimum
3606 1146 3928 1248 ducem,

1311 1262 1732 1348 'nonnullos
1792 1267 2018 1343 etiam
2060 1266 2578 1344 continentem
2639 1259 3268 1371 moderatumque
3313 1266 3727 1370 principem
3794 1292 3934 1344 vo·

1328 1380 1595 1463 citaffe.
1739 1379 1909 1458 Post
1976 1377 2184 1459 addit
2233 1436 2259 1476 ,
2384 1401 2629 1485 neque
2688 1374 2856 1455 sane
2930 1401 3387 1485 quemquam
3474 1374 3735 1459 falsum
3804 1378 3932 1459 ha·

1327 1494 1579 1577 bitum
1640 1488 1868 1574 fuiffe.
2006 1488 2330 1572 Dubites
2391 1490 2514 1570 ista
2579 1487 2910 1596 legenS,
3011 1516 3104 1570 an
3146 1487 3273 1571 vlli
3333 1520 3663 1603 vnquam
3735 1497 3937 1600 prin-‘-

1322 1616 1593 1719 cipum
1631 1612 1878 1689 oratio
1911 1593 2244 1687 funebris
2279 1603 2526 1686 habita
2562 1600 2791 1687 fuerit
2831 1667 2855 1706 ,
2946 1624 3073 1686 aut
3117 1603 3375 1687 haberi
3441 1607 3701 1716 possit,
3756 1637 3934 1690 cum

1332 1746 1646 1809 mortuo
1683 1722 2355 1822 honorificentior,
2414 1741 2578 1802 tum
2611 1720 2706 1801 ad
2733 1743 3017 1827 gratam
3046 1726 3462 1802 memoriae
3495 1729 3654 1804 eius
3705 1716 3934 1806 bene·
3999 1742 4008 1749 ‘

1330 1831 1863 1948 volentiaeque
1893 1839 2593 1938 conseruationem,
2637 1831 3022 1946 fimulque
3045 1834 3138 1917 ad
3187 1840 3681 1919 imitationem
3711 1866 3933 1921 com-

1335 1953 1873 2055 mendandam,
1915 1957 2178 2091 aptior.
2278 1954 2532 2090 Qlam
2571 1956 2818 2061 grauis
2854 1951 2960 2032 est
2986 1979 3141 2034 vox
3174 1958 3604 2059 Pompeiani
3660 1954 3713 2053 l,
3745 1959 3819 2038 6
3852 1981 3877 2034 ι

1336 2073 1529 2164 Eue?
1540 2100 1629 2158 τε
1657 2060 1947 2177 Ρωμια,
1995 2058 2151 2157 ’6πὸ
2192 2052 2576 2177 βασιλεύς.
2694 2074 2889 2149 Ecce
2938 2065 3075 2150 tibi
3127 2067 3431 2175 paucula
3486 2066 3755 2172 verba,
3800 1980 3942 2152 sed

1334 2180 1704 2297 aptiffima
1738 2186 1835 2265 ad
1873 2211 2218 2290 magnam
2256 2170 2453 2263 illam
2487 2187 2985 2277 mutationem
3017 2185 3489 2266 indicandam
3509 2213 3784 2295 ,quam
3805 2188 3945 2267 im-

1332 2307 1637 2414 perium
1667 2327 2065 2383 romanum
2103 2297 2199 2380 ab
2228 2327 2326 2381 eo
2362 2320 2705 2408 tempore
2743 2297 3001 2407 subiit,
3059 2326 3297 2409 quum
3326 2299 3615 2382 libertas
3660 2306 3948 2408 expira-

1292 2496 1297 2499 ,
1347 2447 1429 2501 re
1467 2420 1764 2526 coepit,
1819 2416 2288 2531 potestalque
2323 2414 2604 2551 populi
2615 2436 2693 2497 et
2723 2415 3009 2515 senatus
3046 2414 3589 2518 circumscribi,
3638 2436 3946 2526 totaque

1348 2562 1469 2617 res
1502 2531 1595 2613 ab
1624 2536 1843 2619 vnius
1873 2526 2260 2614 voluntate
2291 2535 2644 2639 principis
2675 2530 3026 2641 pendere.
3144 2530 3353 2616 Olim
3385 2537 3625 2613 Roma
3682 2529 3945 2633 fuerat,

1348 2646 1482 2733 vbi
1515 2672 1868 2729 romanus
1904 2644 2268 2754 populuS,
2316 2643 2439 2727 vbi
2479 2651 2795 2732 Martius
2827 2673 3165 2760 campus,
3196 2646 3320 2726 vbi
3359 2646 3693 2756 equester
3719 2635 3949 2751 ordo,

1344 2762 1483 2848 vbi
1517 2762 1799 2867 rostra,
1845 2758 2124 2865 ouilia,
2193 2762 2526 2868 senatus,
2571 2768 2794 2848 curia.
2938 2757 3163 2848 Nunc
3215 2762 3635 2844 incredibili
3695 2791 3947 2845 rerum

1354 2876 1844 2966 conuerfione
1879 2875 2070 2961 faRa
2097 2877 2286 2965 haec
2313 2887 2570 2964 omnia
2606 2879 2716 2963 ibi
2746 2880 2951 2983 sunt,
3000 2875 3126 2961 vbi
3180 2884 3589 2988 imperator
3634 2880 3777 2980 est,
3823 2875 3947 2960 etfi

1342 2993 1438 3081 fit
1469 2995 1566 3078 ad
1600 2998 1788 3103 ripas
1823 2995 2015 3096 Istri,
2074 2993 2202 3074 etfi
2235 2994 2319 3075 fit
2347 2995 2546 3102 apud
2589 2987 2928 3074 barbaras
2959 3014 3261 3098 gentes,
3325 2993 3558 3098 longo
3608 2992 3956 3076 locorum

1342 3105 1750 3194 interuallo
1785 3107 1878 3191 ab
1909 3105 2093 3191 vrbe
2122 3130 2475 3213 remotaS,
2509 3134 2825 3217 quarum
2860 3136 3000 3189 nec
3031 3135 3314 3190 nomen
3347 3108 3594 3215 paullo
3633 3129 3801 3191 ante
3834 3137 3960 3190 au-

1342 3226 1606 3309 ditum
1641 3221 1919 3326 fuerat,
1958 3248 2097 3303 nec
2127 3218 2322 3304 fama
2356 3227 2675 3302 Romam
2707 3244 3162 3328 peruenerat.
3222 3222 3521 3305 Camilli
3565 3224 3764 3331 apud
3798 3228 3955 3306 Liv.
3995 3289 4002 3302 .

1358 3346 1455 3442 V,
1494 3368 1594 3447 54
1654 3343 1918 3447 opinio
1966 3333 2232 3438 fuerat,
2288 3340 2643 3417 virtutem
2680 3362 3170 3418 romanorum
3203 3333 3498 3417 tranfire
3533 3337 3683 3419 alio
3725 3335 3953 3446 poffe,

1348 3463 1768 3554 Fortunam
1822 3472 2021 3532 certe
2055 3451 2257 3533 vrbis
2296 3456 2589 3536 Romae
2648 3449 3027 3536 transferri
3068 3481 3220 3536 non
3255 3450 3479 3560 posse.
3539 3459 3751 3535 Haec
3781 3461 3959 3538 For-

1350 3585 1543 3652 tuna
1580 3596 1720 3651 nec
1760 3586 2104 3678 tempore
2134 3568 2429 3666 Camilli
2467 3563 2723 3676 Veios,
2796 3598 2937 3652 nec
2990 3569 3322 3654 Caesaris
3368 3574 3690 3652 Troiam
3725 3633 3747 3671 ‚
3834 3590 3962 3651 aut

1346 3681 1927 3787 Alexandriam,
1960 3685 2251 3770 traduci
2278 3683 2668 3769 videbatur
2698 3677 2941 3793 poffc.
2999 3712 3199 3765 nunc
3219 3689 3293 3764 in
3310 3711 3547 3766 vnum
3563 3690 3963 3794 imperato·

1367 3829 1530 3885 rem
1565 3799 1896 3884 traducta
1930 3821 2245 3908 putatur.
2350 3807 2605 3934 Qam
2636 3828 2901 3882 verum
2930 3828 3113 3906 ergo
3148 3801 3291 3901 est,
3353 3806 3674 3883 omnino
3725 3828 3960 3910 remp.

1370 3943 1766 4001 romanam
1819 3939 2285 4031 omnemque
2338 3920 2497 3998 eius
2549 3914 3073 3998 audloritatem
3122 3913 3214 3997 ab
3244 3918 3566 4024 Augusti
3620 3916 3966 3999 domina-

1373 4053 1460 4114 tu
1495 4030 1974 4134 intercidisse,
2032 4050 2106 4112 et
2139 4036 2215 4111 in
2250 4028 2621 4142 quandam
2665 4035 2871 4137 regni
2919 4028 3247 4113 formam
3291 4029 3683 4134 tranfiiffe,
3733 4038 3968 4141 impc-

1372 4150 1643 4230 ratore‘
1626 4173 1796 4260 que
1825 4167 2187 4229 romanos
2216 4167 2420 4228 tanta
2448 4147 2806 4255 potestate
2837 4173 3236 4232 romanum
3267 4151 3666 4254 imperium
3688 4146 3969 4251 rexisse,

1377 4283 1642 4374 quanta
1679 4287 1891 4369 reges
1927 4259 2207 4363 solent,
2264 4262 2533 4388 quibus
2562 4261 2842 4346 infinita
2873 4265 3235 4397 nullisque
3271 4260 3626 4343 limitibus
3647 4267 3975 4345 circum-

1376 4378 1636 4488 scripta
1681 4379 2001 4486 potestas
2030 4381 2164 4463 est
2155 4441 2182 4485 ,
2258 4407 2706 4492 quacunque
2743 4381 3051 4466 tandem
3091 4384 3384 4461 ratione
3438 4375 3637 4462 hanc
3697 4397 3979 4463 tantam

3767 4513 3990 4605 pote-
