4268 5549
2584 526 2677 570 .,
2817 364 3069 545 >mi

396 631 786 776 otestntem
816 655 999 745 in'se
1029 655 1514 758 traduxerint,
1573 647 1727 739 fiue
1764 650 2104 739 libertate
2132 646 2563 738 labefactata
2594 680 2728 764 per
2756 594 3047 765 van?

314 695 496 864 X{tue
529 777 943 889 perlegem
975 779 1301 883 regiam,
1359 798 1590 883 quam
1636 767 1980 884 nonnulli
2029 764 2736 877 comminiscuntur,
2794 773 2944 860 fiue

330 899 674 1006 ,denique
715 921 849 1003 per
885 892 1288 1001 potestates
1336 884 1735 995 populares
1792 887 2337 997 senatoriasque
2387 885 2699 972 subinde
2749 891 2946 972 sum-

332 1032 479 1111 ⁸tas,
537 1032 613 1092 et
653 1038 787 1121 per
813 1031 1250 1113 temporum
1285 1008 1485 1088 vices
1520 1006 1886 1110 repetitas,
2001 1007 2102 1086 Vt
2131 1006 2270 1105 vis,
2321 1008 2773 1109 vt-grauitaS,
2806 1024 2951 1089 vo-'·

336 1132 454 1228 ‚cis
503 1153 546 1208 a
589 1127 1056 1232 Pompeiano
1102 1120 1487 1226 vsurpatae-
1521 1116 1792 1200 melius
1846 1117 2230 1221 sentiatur,
2306 1145 2485 1224 age,
2556 1141 2954 1230 compare·‘

334 1269 515 1343 mus
563 1267 729 1321 eam
774 1266 953 1320 cum
980 1233 1362 1335 fimilibur»,
1410 1260 1603 1344 quae
1653 1230 1975 1318 aliorum
2008 1261 2106 1313 ex
2136 1261 2272 1345 ore
2309 1240 2679 1337 exierunt,
2737 1242 2957 1322 voci-⁰

333 1342 528 1465 pm,
586 1380 932 1466 quaeque
997 1357 1077 1432 in
1143 1373 1411 1458 magna
1463 1347 1941 1432 fimilitudine
1985 1349 2593 1440 dilsunilitudinis
2667 1349 2946 1462 aliquid

329 1469 623 1583 habere
688 1472 1166 1581 reperientur.
1324 1465 1559 1573 Apud
1617 1461 2170 1572 Alciphronem
2215 1472 2318 1568 11,
2352 1493 2409 1573 4
2438 1554 2445 1564 ,
2477 1465 2794 1572 Glycera
2851 1467 2949 1553 ad

337 1585 843 1681 Menandrum
869 1579 1164 1684 scribit,
1223 1574 1334 1695 ibi
1366 1575 1695 1665 Athenas
1727 1580 1895 1686 effl’,
1955 1575 2083 1669 vbi
2110 1576 2528 1663 .Menander
2562 1581 2674 1687 est.
2795 1580 2950 1670 Hass-

331 1699 479 1796 ,bes
521 1727 794 1784 vocem
820 1703 1103 1779 amicae
1148 1702 1480 1781 amicum
1515 1696 1848 1803 impense
1872 1694 2231 1798 colentis,
2322 1699 2625 1809 eiusque
2695 1693 2969 1784 erudi?

344 1821 639 1899 tionem
678 1812 1268 1923 elegantiamque
1291 1809 1750 1893 admirantis!
1794 1805 2225 1911 Martial.X‚
2257 1823 2358 1897 20
2374 1813 2473 1899 ad
2504 1818 2856 1901 Manium
2873 1824 2937 1926 εἰ·

531 1994 538 1998 ·
656 1961 726 2030 Si
764 1942 883 2030 tibi
914 1980 1097 2029 mens
1127 1951 1389 2049 eadem,
1431 1951 1483 2026 fi
1513 1946 1967 2026 nostri'mutua
1991 1979 2143 2025 cura
2171 1952 2287 2048 est,

750 2064 833 2167 ,¹¹²
871 2085 1263 2163 quocunque
1293 2056 1448 2136 loco
1482 2057 1699 2134 Roma
1727 2053 1977 2138 duobus
2011 2062 2156 2136 erit.

337 2217 609 2303 'Habes
625 2239 902 2302 vocem
922 2214 1256 2298 hominis
1284 2219 1362 2297 in
1377 2213 1786 2297 concordia
1817 2213 2064 2296 etfide
2080 2209 2343 2297 finceri
2381 2216 2609 2298 amici
2643 2212 2777 2303 fibi
2802 2214 2956 2326 pla-

344 2338 618 2437 centis,
645 2337 809 2414 etin
835 2359 918 2414 ea
950 2335 1208 2413 omnia
1241 2330 1630 2440 ponentis!
1662 2336 1930 2413 Brutus
1952 2328 2048 2411 ad
2065 2332 2425 2415 Ciceron.
2454 2356 2570 2436 ep.
2588 2336 2755 2414 XVI
2770 2326 2957 2412 mihi

203 2531 216 2542 .
346 2450 482 2556 ‘effi
512 2441 836 2532 iudicabo
859 2451 1178 2547 Romam,
1210 2450 1474 2556 inquit,
1505 2438 1903 2563 ubicunque
1920 2440 2228 2524 liberum
2248 2448 2375 2550 ‘ff'
2397 2440 2669 2528 licebit.
2701 2444 2957 2531 Habes

346 2592 625 2648 vocem
659 2567 971 2645 amantis
1008 2589 1240 2670 remp.
1273 2582 1348 2643 et
1376 2560 1832 2643 libertatem!
1857 2568 2034 2644 Hoc
2068 2560 2244 2645 loco
2280 2564 2605 2673 denique
2639 2568 2963 2678 Pompe·-

344 2683 566 2762 ianus
599 2680 692 2762 ad
709 2678 1239 2764 Commodum
1268 2682 1556 2759 Romae
1598 2674 1965 2763 defiderio
1998 2703 2327 2787 captum,
2380 2675 2491 2759 ibi
2530 2685 2788 2781 Roma,
2846 2683 2963 2762 in*-

341 2801 544 2909 ·quit,
561 2789 687 2878 vbi
717 2798 1141 2905 imperator.
1161 2801 1274 2871 En
1307 2791 1444 2873 tibi
1472 2818 1748 2871 vocem
1770 2798 1988 2872 vnius
2007 2790 2432 2874 dominatui
2466 2801 2720 2875 omnia
2738 2793 2963 2878 subil-

353 2916 518 2991 cien
528 2914 620 2990 tis
640 2910 655 2989 ἔ
682 2906 1033 2991 Similiter
1049 2903 1246 2985 dicia
1280 2903 1631 3007 leguntur
1648 2902 1842 3008 apud
1860 2906 2023 2985 Cic.
2042 2903 2460 3012 Phil.11,44‚
2487 2908 2685 3013 apud
2704 2906 2961 2990 Vellei.

340 3031 451 3127 «11,
470 3028 606 3125 62,
631 3023 833 3129 apud
865 3028 1143 3102 Lucan.
1163 3025 1257 3118 V,
1284 3046 1405 3123 27,
1436 3016 1764 3124 denique
1799 3017 1999 3125 apud
2025 3016 2345 3100 Martial.
2371 3028 2528 3123 ΧΠ,
2558 3049 2657 3106 21.
2678 3016 2964 3107 Videor

348 3138 551 3224 mihi
599 3137 754 3220 hoc
803 3136 1288 3236 consecutuS,
1348 3154 1427 3214 vt
1470 3127 1691 3213 facile
1751 3152 2032 3240 pateat,
2080 3125 2514 3250 vt-quisque
2566 3134 2965 3223 restiffime

346 3255 681 3354 iudicat,
741 3257 837 3335 ita
887 3248 1361 3360 libentiffime
1403 3246 1681 3329 Photio
1731 3247 2352 3357 subscripturum,
2409 3255 2538 3363 qui
2590 3253 2967 3338 Herodia-

358 3397 544 3453 num
594 3368 843 3451 scribit
889 3371 960 3455 ἐν
996 3348 1292 3465 ποία-αις
1335 3367 1518 3466 ταῖς
1550 3352 1768 3454 navo?
1810 3353 1949 3463 wlv
1996 3360 2253 3483 ἴςορῖοιν
2300 3366 2624 3485 aleardi&
2667 3371 2718 3460 ἐ
2775 3373 2967 3465 πολῖ-

352 3488 506 3575 mu
539 3468 721 3595 θῖνας
750 3471 1104 3597 δεύτερον.
1545 3501 1551 3507 ·
2362 3487 2366 3491 ’
2759 3494 2760 3498 '

564 3655 798 3734 *Tam
838 3642 1238 3731 excellenti
1279 3642 1640 3729 historico
1681 3670 1843 3732 non
1881 3648 2201 3752 contigit
2248 3650 2609 3757 interpres
2659 3649 2969 3755 latinus,

353 3771 493 3885 ‚qui
534 3792 755 3851 more
799 3764 1341 3874 plerorumque
1394 3788 1709 3866 eorum,
1766 3765 1897 3873 qui
1932 3789 2248 3868 graecos
2301 3762 2695 3873 scriptores
2740 3769 2970 3860 inter.

357 3885 627 3997 pretati
658 3880 867 3983 sunt,
922 3875 1173 3962 verbis
1203 3869 1661 3981 inhaereret,
1719 3906 1862 3962 nec
1907 3875 2003 3964 ab
2035 3874 2361 3965 austoris
2400 3880 2724 3991 vestigiis
2775 3883 2971 3976 iusto

357 3998 664 4099 liberius
696 3992 1099 4078 recederet.
1188 3999 1457 4100 Qum
1491 3997 1697 4076 enim
1726 3994 1887 4083 duo
1912 3991 2049 4080 fint
2082 3986 2784 4106 interpretationum
2838 3998 2972 4095 seu

357 4113 786 4200 versionum
834 4134 1154 4222 genera,
1213 4135 1542 4220 quorum
1589 4113 1668 4191 in
1714 4109 1945 4197 altero
1990 4115 2123 4223 qui
2168 4111 2244 4196 se
2300 4135 2695 4218 exercent,
2748 4114 2830 4195 hi
2873 4119 2972 4196 ita

360 4227 679 4313 verbum
718 4225 956 4311 verbo
1004 4222 1321 4308 reddere
1365 4244 1648 4332 curant,
1706 4245 1819 4325 vt,
1858 4246 2229 4336 quantum
2266 4227 2690 4333 linguarum
2725 4229 2974 4324 diuer-

321 4342 522 4463 sitas
562 4347 888 4462 patitur,
942 4368 1140 4458 pene
1191 4336 1602 4426 verborum
1643 4341 2145 4457 versuumque
2182 4340 2534 4434 ordinem
2580 4370 2667 4438 ac
2705 4365 2973 4449 nume-

1786 4460 1950 4541 Ba
2802 4483 2973 4543 rum
