<?xml version="1.0" encoding="UTF-8"?>
<!DOCTYPE html PUBLIC "-//W3C//DTD XHTML 1.0 Transitional//EN"
    "http://www.w3.org/TR/xhtml1/DTD/xhtml1-transitional.dtd">
<html xmlns="http://www.w3.org/1999/xhtml" xml:lang="en" lang="en">
 <head>
  <title>
</title>
<meta http-equiv="Content-Type" content="text/html;charset=utf-8" />
  <meta name='ocr-system' content='tesseract 3.04.00' />
  <meta name='ocr-capabilities' content='ocr_page ocr_carea ocr_par ocr_line ocrx_word'/>
</head>
<body>
  <div class='ocr_page' id='page_1' title='image "./deherodianohero00leisgoog_0018.png"; bbox 0 0 4268 5549; ppageno 0'>
   <div class='ocr_carea' id='block_1_1' title="bbox 1054 308 1429 509">
    <p class='ocr_par' dir='ltr' id='par_1_1' title="bbox 1054 308 1429 509">
     <span class='ocr_line' id='line_1_1' title="bbox 1054 308 1429 509; baseline -0.019 -14"><span class='ocrx_word' id='word_1_1' title='bbox 1054 384 1061 387; x_wconf 76' lang='grc'><strong>’</strong></span> <span class='ocrx_word' id='word_1_2' title='bbox 1169 308 1429 509; x_wconf 62' lang='grc' dir='ltr'>ΧΝῘ</span> 
     </span>
    </p>
   </div>
   <div class='ocr_carea' id='block_1_2' title="bbox 1179 585 3884 2673">
    <p class='ocr_par' dir='ltr' id='par_1_2' title="bbox 1179 585 3884 2673">
     <span class='ocr_line' id='line_1_2' title="bbox 1179 585 3806 716; baseline -0.002 -30"><span class='ocrx_word' id='word_1_3' title='bbox 1179 603 1471 691; x_wconf 87' lang='lat' dir='ltr'>iudicio</span> <span class='ocrx_word' id='word_1_4' title='bbox 1510 598 1841 683; x_wconf 79' lang='lat' dir='ltr'>maxime</span> <span class='ocrx_word' id='word_1_5' title='bbox 1874 590 2105 677; x_wconf 87' lang='lat' dir='ltr'>video</span> <span class='ocrx_word' id='word_1_6' title='bbox 2148 585 2469 704; x_wconf 86' lang='lat' dir='ltr'>probari.</span> <span class='ocrx_word' id='word_1_7' title='bbox 2501 632 2510 638; x_wconf 94' lang='lat'><strong>·</strong></span> <span class='ocrx_word' id='word_1_8' title='bbox 2588 588 2867 680; x_wconf 87' lang='lat' dir='ltr'>Probat</span> <span class='ocrx_word' id='word_1_9' title='bbox 2906 592 3064 680; x_wconf 85' lang='lat' dir='ltr'>hoc</span> <span class='ocrx_word' id='word_1_10' title='bbox 3095 597 3628 709; x_wconf 76' lang='lat' dir='ltr'>interpretandi</span> <span class='ocrx_word' id='word_1_11' title='bbox 3664 625 3806 716; x_wconf 71' lang='lat' dir='ltr'>ge...</span> 
     </span>
     <span class='ocr_line' id='line_1_3' title="bbox 1184 706 3806 824; baseline -0.003 -21"><span class='ocrx_word' id='word_1_12' title='bbox 1184 747 1329 821; x_wconf 81' lang='lat' dir='ltr'>nus</span> <span class='ocrx_word' id='word_1_13' title='bbox 1381 721 1501 818; x_wconf 79' lang='lat' dir='ltr'>is,</span> <span class='ocrx_word' id='word_1_14' title='bbox 1541 739 1773 824; x_wconf 88' lang='lat' dir='ltr'>quem</span> <span class='ocrx_word' id='word_1_15' title='bbox 1818 709 2065 793; x_wconf 90' lang='lat' dir='ltr'>modo</span> <span class='ocrx_word' id='word_1_16' title='bbox 2104 706 2446 812; x_wconf 79' lang='lat' dir='ltr'>laudaui,</span> <span class='ocrx_word' id='word_1_17' title='bbox 2506 711 2885 793; x_wconf 87' lang='lat' dir='ltr'>Gesnerus</span> <span class='ocrx_word' id='word_1_18' title='bbox 2920 711 2964 795; x_wconf 90' lang='lat' dir='ltr'>l.</span> <span class='ocrx_word' id='word_1_19' title='bbox 3016 740 3117 795; x_wconf 86' lang='lat' dir='ltr'>c.:</span> <span class='ocrx_word' id='word_1_20' title='bbox 3165 712 3435 823; x_wconf 87' lang='lat' dir='ltr'>probat</span> <span class='ocrx_word' id='word_1_21' title='bbox 3479 723 3556 803; x_wconf 85' lang='lat' dir='ltr'>P.</span> <span class='ocrx_word' id='word_1_22' title='bbox 3586 721 3806 799; x_wconf 75' lang='lat' dir='ltr'>an-.</span> 
     </span>
     <span class='ocr_line' id='line_1_4' title="bbox 1193 827 3794 938; baseline -0.003 -20"><span class='ocrx_word' id='word_1_23' title='bbox 1193 845 1549 919; x_wconf 61' lang='lat' dir='ltr'>Manuvs</span> <span class='ocrx_word' id='word_1_24' title='bbox 1603 827 2001 931; x_wconf 85' lang='lat' dir='ltr'>secundus,</span> <span class='ocrx_word' id='word_1_25' title='bbox 2054 829 2210 936; x_wconf 81' lang='lat' dir='ltr'>qui,</span> <span class='ocrx_word' id='word_1_26' title='bbox 2261 845 2776 934; x_wconf 82' lang='lat' dir='ltr'>praeterquam</span> <span class='ocrx_word' id='word_1_27' title='bbox 2826 827 3039 938; x_wconf 87' lang='lat' dir='ltr'>quod</span> <span class='ocrx_word' id='word_1_28' title='bbox 3081 858 3366 912; x_wconf 89' lang='lat' dir='ltr'>nomen</span> <span class='ocrx_word' id='word_1_29' title='bbox 3404 836 3657 937; x_wconf 86' lang='lat' dir='ltr'>magni</span> <span class='ocrx_word' id='word_1_30' title='bbox 3704 830 3794 913; x_wconf 88' lang='lat' dir='ltr'>il-</span> 
     </span>
     <span class='ocr_line' id='line_1_5' title="bbox 1186 940 3794 1058; baseline -0.002 -25"><span class='ocrx_word' id='word_1_31' title='bbox 1186 948 1331 1033; x_wconf 81' lang='lat' dir='ltr'>lius</span> <span class='ocrx_word' id='word_1_32' title='bbox 1383 952 1461 1029; x_wconf 90' lang='lat' dir='ltr'>P.</span> <span class='ocrx_word' id='word_1_33' title='bbox 1504 949 1963 1028; x_wconf 72' lang='lat' dir='ltr'>Bvammm</span> <span class='ocrx_word' id='word_1_34' title='bbox 2013 940 2283 1042; x_wconf 89' lang='lat' dir='ltr'>habet,</span> <span class='ocrx_word' id='word_1_35' title='bbox 2343 946 2572 1023; x_wconf 84' lang='lat' dir='ltr'>etiam</span> <span class='ocrx_word' id='word_1_36' title='bbox 2617 945 3010 1047; x_wconf 83' lang='lat' dir='ltr'>ingenium</span> <span class='ocrx_word' id='word_1_37' title='bbox 3050 941 3244 1025; x_wconf 89' lang='lat' dir='ltr'>illius</span> <span class='ocrx_word' id='word_1_38' title='bbox 3290 951 3794 1058; x_wconf 83' lang='lat' dir='ltr'>virtutemque</span> 
     </span>
     <span class='ocr_line' id='line_1_6' title="bbox 1186 1051 3798 1169; baseline -0.002 -21"><span class='ocrx_word' id='word_1_39' title='bbox 1186 1058 1415 1149; x_wconf 87' lang='lat' dir='ltr'>nobis</span> <span class='ocrx_word' id='word_1_40' title='bbox 1459 1061 1742 1163; x_wconf 87' lang='lat' dir='ltr'>reddit,</span> <span class='ocrx_word' id='word_1_41' title='bbox 1794 1062 1872 1140; x_wconf 90' lang='lat' dir='ltr'>in</span> <span class='ocrx_word' id='word_1_42' title='bbox 1916 1055 2374 1167; x_wconf 77' lang='lat' dir='ltr'>praefatione</span> <span class='ocrx_word' id='word_1_43' title='bbox 2417 1051 2616 1137; x_wconf 73' lang='lat' dir='ltr'>lestu</span> <span class='ocrx_word' id='word_1_44' title='bbox 2663 1055 3083 1164; x_wconf 83' lang='lat' dir='ltr'>digniffima</span> <span class='ocrx_word' id='word_1_45' title='bbox 3135 1058 3232 1142; x_wconf 90' lang='lat' dir='ltr'>ad</span> <span class='ocrx_word' id='word_1_46' title='bbox 3276 1059 3798 1169; x_wconf 79' lang='lat' dir='ltr'>Aristophanis</span> 
     </span>
     <span class='ocr_line' id='line_1_7' title="bbox 1183 1171 3802 1284; baseline -0.001 -22"><span class='ocrx_word' id='word_1_47' title='bbox 1183 1176 1698 1276; x_wconf 83' lang='lat' dir='ltr'>Comoedias:</span> <span class='ocrx_word' id='word_1_48' title='bbox 1757 1173 2031 1283; x_wconf 88' lang='lat' dir='ltr'>probat</span> <span class='ocrx_word' id='word_1_49' title='bbox 2062 1171 2389 1282; x_wconf 90' lang='lat' dir='ltr'>denique</span> <span class='ocrx_word' id='word_1_50' title='bbox 2423 1176 2710 1253; x_wconf 70' lang='lat' dir='ltr'>Sraen.</span> <span class='ocrx_word' id='word_1_51' title='bbox 2741 1178 3220 1262; x_wconf 70' lang='lat' dir='ltr'>Beaotauvs</span> <span class='ocrx_word' id='word_1_52' title='bbox 3268 1178 3351 1257; x_wconf 90' lang='lat' dir='ltr'>in</span> <span class='ocrx_word' id='word_1_53' title='bbox 3398 1171 3802 1284; x_wconf 87' lang='lat' dir='ltr'>praefatio-</span> 
     </span>
     <span class='ocr_line' id='line_1_8' title="bbox 1188 1285 3801 1397; baseline -0.004 -21"><span class='ocrx_word' id='word_1_54' title='bbox 1188 1322 1290 1377; x_wconf 88' lang='lat' dir='ltr'>ne</span> <span class='ocrx_word' id='word_1_55' title='bbox 1322 1293 1417 1377; x_wconf 89' lang='lat' dir='ltr'>ad</span> <span class='ocrx_word' id='word_1_56' title='bbox 1454 1298 1777 1376; x_wconf 87' lang='lat' dir='ltr'>Homeri</span> <span class='ocrx_word' id='word_1_57' title='bbox 1815 1290 2010 1373; x_wconf 80' lang='lat' dir='ltr'>mad.</span> <span class='ocrx_word' id='word_1_58' title='bbox 2043 1289 2459 1396; x_wconf 74' lang='lat' dir='ltr'>pag.11.1q.,</span> <span class='ocrx_word' id='word_1_59' title='bbox 2518 1291 2653 1396; x_wconf 91' lang='lat' dir='ltr'>qui</span> <span class='ocrx_word' id='word_1_60' title='bbox 2684 1285 2813 1369; x_wconf 86' lang='lat' dir='ltr'>etfi</span> <span class='ocrx_word' id='word_1_61' title='bbox 2841 1286 3026 1370; x_wconf 87' lang='lat' dir='ltr'>illud</span> <span class='ocrx_word' id='word_1_62' title='bbox 3060 1317 3330 1397; x_wconf 85' lang='lat' dir='ltr'>genus,</span> <span class='ocrx_word' id='word_1_63' title='bbox 3387 1296 3497 1374; x_wconf 89' lang='lat' dir='ltr'>vti</span> <span class='ocrx_word' id='word_1_64' title='bbox 3531 1289 3663 1373; x_wconf 91' lang='lat' dir='ltr'>vsu</span> <span class='ocrx_word' id='word_1_65' title='bbox 3691 1287 3801 1375; x_wconf 87' lang='lat' dir='ltr'>fa-</span> 
     </span>
     <span class='ocr_line' id='line_1_9' title="bbox 1190 1398 3806 1515; baseline -0.002 -25"><span class='ocrx_word' id='word_1_66' title='bbox 1190 1409 1452 1510; x_wconf 80' lang='lat' dir='ltr'>cilius,</span> <span class='ocrx_word' id='word_1_67' title='bbox 1527 1413 1624 1488; x_wconf 87' lang='lat' dir='ltr'>ita</span> <span class='ocrx_word' id='word_1_68' title='bbox 1674 1403 1887 1501; x_wconf 53' lang='lat' dir='ltr'>fastu,</span> <span class='ocrx_word' id='word_1_69' title='bbox 1928 1401 2356 1511; x_wconf 77' lang='lat' dir='ltr'>operofiuS,</span> <span class='ocrx_word' id='word_1_70' title='bbox 2427 1398 2634 1486; x_wconf 69' lang='lat' dir='ltr'>fadlo</span> <span class='ocrx_word' id='word_1_71' title='bbox 2685 1403 3069 1510; x_wconf 87' lang='lat' dir='ltr'>periculo,</span> <span class='ocrx_word' id='word_1_72' title='bbox 3140 1401 3679 1515; x_wconf 83' lang='lat' dir='ltr'>deprehendit,</span> <span class='ocrx_word' id='word_1_73' title='bbox 3724 1426 3806 1487; x_wconf 87' lang='lat' dir='ltr'>vt</span> 
     </span>
     <span class='ocr_line' id='line_1_10' title="bbox 1182 1515 3804 1633; baseline -0.001 -27"><span class='ocrx_word' id='word_1_74' title='bbox 1182 1525 1503 1633; x_wconf 77' lang='lat' dir='ltr'>ipsemet</span> <span class='ocrx_word' id='word_1_75' title='bbox 1528 1520 1840 1616; x_wconf 70' lang='lat' dir='ltr'>fatetur-3</span> <span class='ocrx_word' id='word_1_76' title='bbox 1898 1540 2151 1601; x_wconf 88' lang='lat' dir='ltr'>tamen</span> <span class='ocrx_word' id='word_1_77' title='bbox 2182 1522 2368 1599; x_wconf 90' lang='lat' dir='ltr'>etin</span> <span class='ocrx_word' id='word_1_78' title='bbox 2400 1515 2897 1626; x_wconf 87' lang='lat' dir='ltr'>Alciphronis</span> <span class='ocrx_word' id='word_1_79' title='bbox 2930 1519 3258 1629; x_wconf 86' lang='lat' dir='ltr'>epistolis</span> <span class='ocrx_word' id='word_1_80' title='bbox 3290 1521 3693 1624; x_wconf 88' lang='lat' dir='ltr'>vertendis,</span> <span class='ocrx_word' id='word_1_81' title='bbox 3727 1542 3804 1604; x_wconf 92' lang='lat' dir='ltr'>et</span> 
     </span>
     <span class='ocr_line' id='line_1_11' title="bbox 1182 1628 3808 1741; baseline -0 -20"><span class='ocrx_word' id='word_1_82' title='bbox 1182 1644 1273 1721; x_wconf 79' lang='lat' dir='ltr'>in</span> <span class='ocrx_word' id='word_1_83' title='bbox 1327 1635 1781 1723; x_wconf 82' lang='lat' dir='ltr'>Comoediis</span> <span class='ocrx_word' id='word_1_84' title='bbox 1827 1633 2390 1741; x_wconf 84' lang='lat' dir='ltr'>Aristophanis,</span> <span class='ocrx_word' id='word_1_85' title='bbox 2448 1638 2529 1714; x_wconf 90' lang='lat' dir='ltr'>in</span> <span class='ocrx_word' id='word_1_86' title='bbox 2582 1634 3078 1715; x_wconf 82' lang='lat' dir='ltr'>emendandis</span> <span class='ocrx_word' id='word_1_87' title='bbox 3124 1628 3586 1719; x_wconf 85' lang='lat' dir='ltr'>verfionibus</span> <span class='ocrx_word' id='word_1_88' title='bbox 3636 1642 3808 1720; x_wconf 89' lang='lat' dir='ltr'>Ho-</span> 
     </span>
     <span class='ocr_line' id='line_1_12' title="bbox 1189 1739 3884 1855; baseline -0.001 -18"><span class='ocrx_word' id='word_1_89' title='bbox 1189 1758 1425 1855; x_wconf 85' lang='lat' dir='ltr'>meri,</span> <span class='ocrx_word' id='word_1_90' title='bbox 1481 1772 1560 1835; x_wconf 89' lang='lat' dir='ltr'>et</span> <span class='ocrx_word' id='word_1_91' title='bbox 1591 1756 1669 1833; x_wconf 90' lang='lat' dir='ltr'>in</span> <span class='ocrx_word' id='word_1_92' title='bbox 1702 1750 1858 1832; x_wconf 89' lang='lat' dir='ltr'>aliis</span> <span class='ocrx_word' id='word_1_93' title='bbox 1901 1746 2218 1830; x_wconf 87' lang='lat' dir='ltr'>feliciter</span> <span class='ocrx_word' id='word_1_94' title='bbox 2243 1752 2580 1830; x_wconf 89' lang='lat' dir='ltr'>tentauit.</span> <span class='ocrx_word' id='word_1_95' title='bbox 2701 1755 3069 1831; x_wconf 89' lang='lat' dir='ltr'>Tentauit</span> <span class='ocrx_word' id='word_1_96' title='bbox 3096 1760 3284 1832; x_wconf 63' lang='lat' dir='ltr'>Vero</span> <span class='ocrx_word' id='word_1_97' title='bbox 3315 1751 3519 1833; x_wconf 89' lang='lat' dir='ltr'>idem</span> <span class='ocrx_word' id='word_1_98' title='bbox 3552 1755 3629 1832; x_wconf 91' lang='lat' dir='ltr'>in</span> <span class='ocrx_word' id='word_1_99' title='bbox 3648 1759 3802 1834; x_wconf 85' lang='lat' dir='ltr'>He·</span> <span class='ocrx_word' id='word_1_100' title='bbox 3865 1739 3884 1754; x_wconf 69' lang='grc'><em>’</em></span> 
     </span>
     <span class='ocr_line' id='line_1_13' title="bbox 1188 1862 3812 1974; baseline -0.001 -21"><span class='ocrx_word' id='word_1_101' title='bbox 1188 1869 1518 1953; x_wconf 79' lang='lat' dir='ltr'>rodiano</span> <span class='ocrx_word' id='word_1_102' title='bbox 1549 1863 2150 1974; x_wconf 86' lang='lat' dir='ltr'>interpretando,</span> <span class='ocrx_word' id='word_1_103' title='bbox 2204 1866 2418 1944; x_wconf 88' lang='lat' dir='ltr'>cuius</span> <span class='ocrx_word' id='word_1_104' title='bbox 2459 1889 2746 1947; x_wconf 89' lang='lat' dir='ltr'>nouam</span> <span class='ocrx_word' id='word_1_105' title='bbox 2802 1862 3263 1968; x_wconf 77' lang='lat' dir='ltr'>versionem,</span> <span class='ocrx_word' id='word_1_106' title='bbox 3320 1867 3642 1974; x_wconf 84' lang='lat' dir='ltr'>vestigiis</span> <span class='ocrx_word' id='word_1_107' title='bbox 3679 1894 3812 1973; x_wconf 44' lang='lat' dir='ltr'>aug</span> 
     </span>
     <span class='ocr_line' id='line_1_14' title="bbox 1196 1976 3801 2094; baseline -0.001 -28"><span class='ocrx_word' id='word_1_108' title='bbox 1196 1981 1429 2067; x_wconf 67' lang='lat' dir='ltr'>&amp;oris</span> <span class='ocrx_word' id='word_1_109' title='bbox 1478 1980 1718 2092; x_wconf 78' lang='lat' dir='ltr'>press‘o</span> <span class='ocrx_word' id='word_1_110' title='bbox 1763 1980 1960 2089; x_wconf 88' lang='lat' dir='ltr'>pede</span> <span class='ocrx_word' id='word_1_111' title='bbox 1990 1983 2304 2088; x_wconf 84' lang='lat' dir='ltr'>propius</span> <span class='ocrx_word' id='word_1_112' title='bbox 2349 1976 2837 2086; x_wconf 85' lang='lat' dir='ltr'>infistentem,</span> <span class='ocrx_word' id='word_1_113' title='bbox 2895 1982 3270 2094; x_wconf 77' lang='lat' dir='ltr'>magisque</span> <span class='ocrx_word' id='word_1_114' title='bbox 3303 1982 3663 2065; x_wconf 81' lang='lat' dir='ltr'>studiosae</span> <span class='ocrx_word' id='word_1_115' title='bbox 3691 1988 3801 2064; x_wconf 87' lang='lat' dir='ltr'>iu-</span> 
     </span>
     <span class='ocr_line' id='line_1_15' title="bbox 1188 2089 3802 2207; baseline -0 -24"><span class='ocrx_word' id='word_1_116' title='bbox 1188 2102 1513 2200; x_wconf 81' lang='lat' dir='ltr'>ventuti,</span> <span class='ocrx_word' id='word_1_117' title='bbox 1571 2122 1798 2207; x_wconf 90' lang='lat' dir='ltr'>quam</span> <span class='ocrx_word' id='word_1_118' title='bbox 1834 2089 2366 2176; x_wconf 84' lang='lat' dir='ltr'>maturioribus</span> <span class='ocrx_word' id='word_1_119' title='bbox 2406 2099 2748 2200; x_wconf 85' lang='lat' dir='ltr'>ingeniis,</span> <span class='ocrx_word' id='word_1_120' title='bbox 2785 2096 3443 2180; x_wconf 77' lang='lat' dir='ltr'>accommodatam</span> <span class='ocrx_word' id='word_1_121' title='bbox 3462 2098 3536 2178; x_wconf 92' lang='lat' dir='ltr'>se</span> <span class='ocrx_word' id='word_1_122' title='bbox 3567 2098 3802 2182; x_wconf 87' lang='lat' dir='ltr'>susce-</span> 
     </span>
     <span class='ocr_line' id='line_1_16' title="bbox 1189 2206 3802 2332; baseline 0 -36"><span class='ocrx_word' id='word_1_123' title='bbox 1189 2214 1374 2332; x_wconf 78' lang='lat' dir='ltr'>piss&#39;e</span> <span class='ocrx_word' id='word_1_124' title='bbox 1433 2235 1511 2295; x_wconf 91' lang='lat' dir='ltr'>et</span> <span class='ocrx_word' id='word_1_125' title='bbox 1565 2206 1986 2312; x_wconf 85' lang='lat' dir='ltr'>absoluisse‚</span> <span class='ocrx_word' id='word_1_126' title='bbox 2046 2209 2235 2294; x_wconf 89' lang='lat' dir='ltr'>dum</span> <span class='ocrx_word' id='word_1_127' title='bbox 2285 2207 2569 2318; x_wconf 88' lang='lat' dir='ltr'>Lipfiae</span> <span class='ocrx_word' id='word_1_128' title='bbox 2627 2232 2920 2318; x_wconf 83' lang='lat' dir='ltr'>ageret,</span> <span class='ocrx_word' id='word_1_129' title='bbox 2992 2210 3239 2301; x_wconf 70' lang='lat' dir='ltr'>scribit</span> <span class='ocrx_word' id='word_1_130' title='bbox 3285 2212 3676 2319; x_wconf 85' lang='lat' dir='ltr'>Berglerus</span> <span class='ocrx_word' id='word_1_131' title='bbox 3719 2217 3802 2296; x_wconf 91' lang='lat' dir='ltr'>in</span> 
     </span>
     <span class='ocr_line' id='line_1_17' title="bbox 1198 2324 3801 2442; baseline -0 -29"><span class='ocrx_word' id='word_1_132' title='bbox 1198 2327 1502 2442; x_wconf 83' lang='lat' dir='ltr'>epistola</span> <span class='ocrx_word' id='word_1_133' title='bbox 1537 2329 1628 2412; x_wconf 91' lang='lat' dir='ltr'>ad</span> <span class='ocrx_word' id='word_1_134' title='bbox 1660 2324 2085 2409; x_wconf 86' lang='lat' dir='ltr'>Fabricium</span> <span class='ocrx_word' id='word_1_135' title='bbox 2123 2324 2328 2407; x_wconf 88' lang='lat' dir='ltr'>edita</span> <span class='ocrx_word' id='word_1_136' title='bbox 2378 2352 2418 2405; x_wconf 86' lang='lat' dir='ltr'>a</span> <span class='ocrx_word' id='word_1_137' title='bbox 2450 2329 2805 2409; x_wconf 84' lang='lat' dir='ltr'>Reimaro</span> <span class='ocrx_word' id='word_1_138' title='bbox 2833 2329 3003 2436; x_wconf 89' lang='lat' dir='ltr'>post</span> <span class='ocrx_word' id='word_1_139' title='bbox 3030 2333 3260 2409; x_wconf 89' lang='lat' dir='ltr'>vitam</span> <span class='ocrx_word' id='word_1_140' title='bbox 3292 2325 3605 2411; x_wconf 86' lang='lat' dir='ltr'>Fabricii</span> <span class='ocrx_word' id='word_1_141' title='bbox 3639 2333 3801 2439; x_wconf 81' lang='lat' dir='ltr'>pag.</span> 
     </span>
     <span class='ocr_line' id='line_1_18' title="bbox 1192 2435 3806 2559; baseline -0.002 -27"><span class='ocrx_word' id='word_1_142' title='bbox 1192 2472 1358 2534; x_wconf 77' lang='lat'>222.</span> <span class='ocrx_word' id='word_1_143' title='bbox 1411 2445 1511 2559; x_wconf 93' lang='lat' dir='ltr'>sq.</span> <span class='ocrx_word' id='word_1_144' title='bbox 1627 2440 2141 2553; x_wconf 80' lang='lat' dir='ltr'>Qorundam</span> <span class='ocrx_word' id='word_1_145' title='bbox 2160 2435 2569 2523; x_wconf 60' lang='lat' dir='ltr'>detiorum</span> <span class='ocrx_word' id='word_1_146' title='bbox 2598 2446 2942 2527; x_wconf 86' lang='lat' dir='ltr'>virorum</span> <span class='ocrx_word' id='word_1_147' title='bbox 2972 2438 3196 2526; x_wconf 85' lang='lat' dir='ltr'>fauor</span> <span class='ocrx_word' id='word_1_148' title='bbox 3225 2471 3383 2555; x_wconf 89' lang='lat' dir='ltr'>quo</span> <span class='ocrx_word' id='word_1_149' title='bbox 3417 2448 3653 2552; x_wconf 86' lang='lat' dir='ltr'>magis</span> <span class='ocrx_word' id='word_1_150' title='bbox 3689 2473 3806 2527; x_wconf 90' lang='lat' dir='ltr'>re-</span> 
     </span>
     <span class='ocr_line' id='line_1_19' title="bbox 1182 2554 3803 2673; baseline -0 -28"><span class='ocrx_word' id='word_1_151' title='bbox 1182 2562 1517 2673; x_wconf 31' lang='lat' dir='ltr'>(spondet</span> <span class='ocrx_word' id='word_1_152' title='bbox 1542 2562 1849 2664; x_wconf 86' lang='lat' dir='ltr'>ingenio</span> <span class='ocrx_word' id='word_1_153' title='bbox 1883 2554 2206 2663; x_wconf 84' lang='lat' dir='ltr'>Bergleri</span> <span class='ocrx_word' id='word_1_154' title='bbox 2233 2576 2310 2637; x_wconf 89' lang='lat' dir='ltr'>et</span> <span class='ocrx_word' id='word_1_155' title='bbox 2345 2562 2660 2661; x_wconf 87' lang='lat' dir='ltr'>meritis,</span> <span class='ocrx_word' id='word_1_156' title='bbox 2712 2578 2923 2641; x_wconf 88' lang='lat' dir='ltr'>tanto</span> <span class='ocrx_word' id='word_1_157' title='bbox 2957 2585 3227 2640; x_wconf 85' lang='lat' dir='ltr'>eorum</span> <span class='ocrx_word' id='word_1_158' title='bbox 3258 2563 3502 2641; x_wconf 86' lang='lat' dir='ltr'>maior</span> <span class='ocrx_word' id='word_1_159' title='bbox 3537 2562 3642 2642; x_wconf 90' lang='lat' dir='ltr'>est</span> <span class='ocrx_word' id='word_1_160' title='bbox 3661 2558 3803 2644; x_wconf 80' lang='lat' dir='ltr'>do-</span> 
     </span>
    </p>
   </div>
   <div class='ocr_carea' id='block_1_3' title="bbox 1048 2670 3806 2786">
    <p class='ocr_par' dir='ltr' id='par_1_3' title="bbox 1048 2670 3806 2786">
     <span class='ocr_line' id='line_1_20' title="bbox 1048 2670 3806 2786; baseline -0.001 -27"><span class='ocrx_word' id='word_1_161' title='bbox 1048 2778 1057 2786; x_wconf 74' lang='lat'><em>,</em></span> <span class='ocrx_word' id='word_1_162' title='bbox 1191 2676 1359 2779; x_wconf 84' lang='lat' dir='ltr'>lor,</span> <span class='ocrx_word' id='word_1_163' title='bbox 1416 2671 1833 2756; x_wconf 86' lang='lat' dir='ltr'>verfionem</span> <span class='ocrx_word' id='word_1_164' title='bbox 1860 2673 2073 2754; x_wconf 88' lang='lat' dir='ltr'>istam</span> <span class='ocrx_word' id='word_1_165' title='bbox 2105 2670 2398 2779; x_wconf 88' lang='lat' dir='ltr'>prelum</span> <span class='ocrx_word' id='word_1_166' title='bbox 2428 2700 2590 2756; x_wconf 92' lang='lat' dir='ltr'>non</span> <span class='ocrx_word' id='word_1_167' title='bbox 2624 2670 2933 2756; x_wconf 84' lang='lat' dir='ltr'>subiiffe.</span> <span class='ocrx_word' id='word_1_168' title='bbox 3001 2674 3248 2759; x_wconf 67' lang='lat' dir='ltr'>Fam.</span> <span class='ocrx_word' id='word_1_169' title='bbox 3283 2679 3546 2760; x_wconf 67' lang='lat' dir='ltr'>Orto</span> <span class='ocrx_word' id='word_1_170' title='bbox 3573 2683 3806 2758; x_wconf 70' lang='lat' dir='ltr'>Mnu-</span> 
     </span>
    </p>
   </div>
   <div class='ocr_carea' id='block_1_4' title="bbox 1180 2787 3814 4491">
    <p class='ocr_par' dir='ltr' id='par_1_4' title="bbox 1180 2787 3814 4491">
     <span class='ocr_line' id='line_1_21' title="bbox 1196 2787 3814 2899; baseline -0 -22"><span class='ocrx_word' id='word_1_171' title='bbox 1196 2819 1516 2892; x_wconf 70' lang='lat' dir='ltr'>xemvs,</span> <span class='ocrx_word' id='word_1_172' title='bbox 1553 2795 1812 2873; x_wconf 81' lang='lat' dir='ltr'>iu&#39;vita</span> <span class='ocrx_word' id='word_1_173' title='bbox 1843 2787 2184 2872; x_wconf 86' lang='lat' dir='ltr'>Politiani</span> <span class='ocrx_word' id='word_1_174' title='bbox 2217 2818 2287 2899; x_wconf 91' lang='lat' dir='ltr'>p.</span> <span class='ocrx_word' id='word_1_175' title='bbox 2323 2803 2478 2896; x_wconf 81' lang='lat'>158,</span> <span class='ocrx_word' id='word_1_176' title='bbox 2536 2816 2707 2872; x_wconf 91' lang='lat' dir='ltr'>eam</span> <span class='ocrx_word' id='word_1_177' title='bbox 2754 2789 2884 2872; x_wconf 89' lang='lat' dir='ltr'>diu</span> <span class='ocrx_word' id='word_1_178' title='bbox 2923 2789 3223 2874; x_wconf 84' lang='lat' dir='ltr'>latitass’e</span> <span class='ocrx_word' id='word_1_179' title='bbox 3262 2795 3340 2872; x_wconf 89' lang='lat' dir='ltr'>in</span> <span class='ocrx_word' id='word_1_180' title='bbox 3374 2790 3450 2872; x_wconf 91' lang='lat' dir='ltr'>b.</span> <span class='ocrx_word' id='word_1_181' title='bbox 3482 2798 3814 2899; x_wconf 82' lang='lat' dir='ltr'>parentis</span> 
     </span>
     <span class='ocr_line' id='line_1_22' title="bbox 1180 2903 3804 3012; baseline -0.002 -19"><span class='ocrx_word' id='word_1_182' title='bbox 1180 2913 1311 2993; x_wconf 43' lang='lat' dir='ltr'>*sui</span> <span class='ocrx_word' id='word_1_183' title='bbox 1345 2905 1805 2989; x_wconf 85' lang='lat' dir='ltr'>bibliotheca</span> <span class='ocrx_word' id='word_1_184' title='bbox 1843 2903 2134 3004; x_wconf 87' lang='lat' dir='ltr'>scribit,</span> <span class='ocrx_word' id='word_1_185' title='bbox 2191 2904 2415 3012; x_wconf 87' lang='lat' dir='ltr'>seque</span> <span class='ocrx_word' id='word_1_186' title='bbox 2447 2907 2767 3005; x_wconf 88' lang='lat' dir='ltr'>nescire,</span> <span class='ocrx_word' id='word_1_187' title='bbox 2828 2931 2923 2984; x_wconf 88' lang='lat' dir='ltr'>an</span> <span class='ocrx_word' id='word_1_188' title='bbox 2962 2911 3040 2982; x_wconf 88' lang='lat' dir='ltr'>in</span> <span class='ocrx_word' id='word_1_189' title='bbox 3075 2907 3336 3009; x_wconf 90' lang='lat' dir='ltr'>dignas</span> <span class='ocrx_word' id='word_1_190' title='bbox 3381 2908 3548 2987; x_wconf 75' lang='lat' dir='ltr'>satis</span> <span class='ocrx_word' id='word_1_191' title='bbox 3591 2928 3804 2990; x_wconf 89' lang='lat' dir='ltr'>tanto</span> 
     </span>
     <span class='ocr_line' id='line_1_23' title="bbox 1192 3018 3807 3130; baseline -0.001 -22"><span class='ocrx_word' id='word_1_192' title='bbox 1192 3049 1511 3109; x_wconf 88' lang='lat' dir='ltr'>munere</span> <span class='ocrx_word' id='word_1_193' title='bbox 1552 3045 1816 3103; x_wconf 90' lang='lat' dir='ltr'>manus</span> <span class='ocrx_word' id='word_1_194' title='bbox 1861 3021 2340 3127; x_wconf 78' lang='lat' dir='ltr'>peruenerit,</span> <span class='ocrx_word' id='word_1_195' title='bbox 2415 3018 2984 3128; x_wconf 83' lang='lat' dir='ltr'>optandumque</span> <span class='ocrx_word' id='word_1_196' title='bbox 3031 3018 3172 3100; x_wconf 82' lang='lat' dir='ltr'>effe</span> <span class='ocrx_word' id='word_1_197' title='bbox 3217 3021 3619 3103; x_wconf 87' lang='lat' dir='ltr'>commodi</span> <span class='ocrx_word' id='word_1_198' title='bbox 3665 3051 3807 3130; x_wconf 91' lang='lat' dir='ltr'>pu·</span> 
     </span>
     <span class='ocr_line' id='line_1_24' title="bbox 1197 3130 3809 3241; baseline -0.002 -19"><span class='ocrx_word' id='word_1_199' title='bbox 1197 3138 1377 3223; x_wconf 91' lang='lat' dir='ltr'>blici</span> <span class='ocrx_word' id='word_1_200' title='bbox 1435 3136 1718 3238; x_wconf 70' lang='lat' dir='ltr'>caussa,</span> <span class='ocrx_word' id='word_1_201' title='bbox 1773 3156 1855 3217; x_wconf 85' lang='lat' dir='ltr'>vt</span> <span class='ocrx_word' id='word_1_202' title='bbox 1901 3161 2080 3216; x_wconf 90' lang='lat' dir='ltr'>cum</span> <span class='ocrx_word' id='word_1_203' title='bbox 2126 3158 2371 3235; x_wconf 89' lang='lat' dir='ltr'>noua,</span> <span class='ocrx_word' id='word_1_204' title='bbox 2422 3130 2478 3214; x_wconf 85' lang='lat' dir='ltr'>fi</span> <span class='ocrx_word' id='word_1_205' title='bbox 2510 3137 2677 3241; x_wconf 89' lang='lat' dir='ltr'>quis</span> <span class='ocrx_word' id='word_1_206' title='bbox 2711 3158 2882 3211; x_wconf 90' lang='lat' dir='ltr'>eam</span> <span class='ocrx_word' id='word_1_207' title='bbox 2928 3136 3378 3235; x_wconf 89' lang='lat' dir='ltr'>meditetur,</span> <span class='ocrx_word' id='word_1_208' title='bbox 3434 3137 3809 3220; x_wconf 86' lang='lat' dir='ltr'>Herodia-</span> 
     </span>
     <span class='ocr_line' id='line_1_25' title="bbox 1199 3243 3809 3356; baseline -0.002 -18"><span class='ocrx_word' id='word_1_209' title='bbox 1199 3260 1281 3338; x_wconf 84' lang='lat' dir='ltr'>ni</span> <span class='ocrx_word' id='word_1_210' title='bbox 1332 3251 1665 3335; x_wconf 89' lang='lat' dir='ltr'>editione</span> <span class='ocrx_word' id='word_1_211' title='bbox 1705 3248 1955 3330; x_wconf 87' lang='lat' dir='ltr'>lucem</span> <span class='ocrx_word' id='word_1_212' title='bbox 1998 3245 2401 3356; x_wconf 86' lang='lat' dir='ltr'>aliquando</span> <span class='ocrx_word' id='word_1_213' title='bbox 2433 3249 2682 3328; x_wconf 84' lang='lat' dir='ltr'>videat</span> <span class='ocrx_word' id='word_1_214' title='bbox 2709 3243 3113 3354; x_wconf 85' lang='lat' dir='ltr'>publicam.</span> <span class='ocrx_word' id='word_1_215' title='bbox 3284 3255 3504 3356; x_wconf 74' lang='lat' dir='ltr'>Quae</span> <span class='ocrx_word' id='word_1_216' title='bbox 3537 3252 3809 3334; x_wconf 87' lang='lat' dir='ltr'>eadem</span> 
     </span>
     <span class='ocr_line' id='line_1_26' title="bbox 1199 3359 3810 3479; baseline -0.004 -24"><span class='ocrx_word' id='word_1_217' title='bbox 1199 3372 1471 3479; x_wconf 88' lang='lat' dir='ltr'>repetit</span> <span class='ocrx_word' id='word_1_218' title='bbox 1507 3370 1583 3446; x_wconf 90' lang='lat' dir='ltr'>in</span> <span class='ocrx_word' id='word_1_219' title='bbox 1618 3359 2079 3473; x_wconf 81' lang='lat' dir='ltr'>praefatione</span> <span class='ocrx_word' id='word_1_220' title='bbox 2120 3361 2214 3442; x_wconf 86' lang='lat' dir='ltr'>ad</span> <span class='ocrx_word' id='word_1_221' title='bbox 2231 3360 2817 3469; x_wconf 86' lang='lat' dir='ltr'>Aristophanem</span> <span class='ocrx_word' id='word_1_222' title='bbox 2844 3368 2919 3445; x_wconf 90' lang='lat' dir='ltr'>P.</span> <span class='ocrx_word' id='word_1_223' title='bbox 2950 3367 3494 3449; x_wconf 68' lang='lat' dir='ltr'>anmmuvs</span> <span class='ocrx_word' id='word_1_224' title='bbox 3546 3367 3810 3451; x_wconf 42' lang='lat' dir='ltr'>secun-w</span> 
     </span>
     <span class='ocr_line' id='line_1_27' title="bbox 1205 3472 3808 3590; baseline -0.001 -24"><span class='ocrx_word' id='word_1_225' title='bbox 1205 3487 1374 3566; x_wconf 89' lang='lat' dir='ltr'>dus.</span> <span class='ocrx_word' id='word_1_226' title='bbox 1489 3487 1824 3562; x_wconf 89' lang='lat' dir='ltr'>Tantam</span> <span class='ocrx_word' id='word_1_227' title='bbox 1861 3477 1968 3559; x_wconf 88' lang='lat' dir='ltr'>sui</span> <span class='ocrx_word' id='word_1_228' title='bbox 2011 3472 2193 3560; x_wconf 85' lang='lat' dir='ltr'>fecit</span> <span class='ocrx_word' id='word_1_229' title='bbox 2224 3474 2830 3586; x_wconf 58' lang='lat' dir='ltr'>expediationem</span> <span class='ocrx_word' id='word_1_230' title='bbox 2875 3476 3000 3560; x_wconf 90' lang='lat' dir='ltr'>illa</span> <span class='ocrx_word' id='word_1_231' title='bbox 3036 3482 3549 3589; x_wconf 86' lang='lat' dir='ltr'>interpretatio</span> <span class='ocrx_word' id='word_1_232' title='bbox 3583 3489 3808 3590; x_wconf 88' lang='lat' dir='ltr'>Berg-</span> 
     </span>
     <span class='ocr_line' id='line_1_28' title="bbox 1202 3587 3807 3705; baseline 0 -24"><span class='ocrx_word' id='word_1_233' title='bbox 1202 3596 1508 3683; x_wconf 86' lang='lat' dir='ltr'>leriana!</span> <span class='ocrx_word' id='word_1_234' title='bbox 1624 3598 1774 3676; x_wconf 87' lang='lat' dir='ltr'>Hic</span> <span class='ocrx_word' id='word_1_235' title='bbox 1791 3590 1976 3675; x_wconf 89' lang='lat' dir='ltr'>nihil</span> <span class='ocrx_word' id='word_1_236' title='bbox 1993 3587 2254 3677; x_wconf 54' lang='lat' dir='ltr'>affluet</span> <span class='ocrx_word' id='word_1_237' title='bbox 2270 3592 2563 3696; x_wconf 89' lang='lat' dir='ltr'>dicere,</span> <span class='ocrx_word' id='word_1_238' title='bbox 2594 3622 2723 3676; x_wconf 90' lang='lat' dir='ltr'>me</span> <span class='ocrx_word' id='word_1_239' title='bbox 2755 3614 2883 3674; x_wconf 87' lang='lat' dir='ltr'>aut</span> <span class='ocrx_word' id='word_1_240' title='bbox 2912 3591 3111 3676; x_wconf 86' lang='lat' dir='ltr'>illam</span> <span class='ocrx_word' id='word_1_241' title='bbox 3143 3595 3373 3705; x_wconf 88' lang='lat' dir='ltr'>ipsam</span> <span class='ocrx_word' id='word_1_242' title='bbox 3389 3594 3807 3681; x_wconf 72' lang='lat' dir='ltr'>versionem</span> 
     </span>
     <span class='ocr_line' id='line_1_29' title="bbox 1198 3706 3810 3821; baseline -0 -23"><span class='ocrx_word' id='word_1_243' title='bbox 1198 3711 1554 3821; x_wconf 81' lang='lat' dir='ltr'>Bergle&#39;ri,</span> <span class='ocrx_word' id='word_1_244' title='bbox 1611 3736 1803 3820; x_wconf 89' lang='lat' dir='ltr'>quae</span> <span class='ocrx_word' id='word_1_245' title='bbox 1829 3706 2072 3792; x_wconf 83' lang='lat' dir='ltr'>fuerat</span> <span class='ocrx_word' id='word_1_246' title='bbox 2103 3713 2180 3789; x_wconf 90' lang='lat' dir='ltr'>in</span> <span class='ocrx_word' id='word_1_247' title='bbox 2212 3706 2668 3793; x_wconf 88' lang='lat' dir='ltr'>bibliotheca</span> <span class='ocrx_word' id='word_1_248' title='bbox 2701 3707 3225 3809; x_wconf 82' lang='lat' dir='ltr'>Menkeniana,</span> <span class='ocrx_word' id='word_1_249' title='bbox 3284 3729 3409 3793; x_wconf 88' lang='lat' dir='ltr'>aut</span> <span class='ocrx_word' id='word_1_250' title='bbox 3432 3733 3640 3796; x_wconf 88' lang='lat' dir='ltr'>certe</span> <span class='ocrx_word' id='word_1_251' title='bbox 3673 3713 3810 3797; x_wconf 76' lang='lat' dir='ltr'>e&#39;x-</span> 
     </span>
     <span class='ocr_line' id='line_1_30' title="bbox 1191 3819 3807 3938; baseline 0 -26"><span class='ocrx_word' id='word_1_252' title='bbox 1191 3827 1545 3937; x_wconf 75' lang='lat' dir='ltr'>&#39;emplum</span> <span class='ocrx_word' id='word_1_253' title='bbox 1588 3825 1784 3907; x_wconf 83' lang='lat' dir='ltr'>illius</span> <span class='ocrx_word' id='word_1_254' title='bbox 1842 3846 1921 3906; x_wconf 91' lang='lat' dir='ltr'>et</span> <span class='ocrx_word' id='word_1_255' title='bbox 1984 3819 2446 3938; x_wconf 74' lang='grc' dir='ltr'><em>οἰντίγραφον</em></span> <span class='ocrx_word' id='word_1_256' title='bbox 2490 3847 2677 3908; x_wconf 82' lang='lat' dir='ltr'>ante.</span> <span class='ocrx_word' id='word_1_257' title='bbox 2721 3851 2960 3906; x_wconf 87' lang='lat' dir='ltr'>annos</span> <span class='ocrx_word' id='word_1_258' title='bbox 3007 3820 3165 3907; x_wconf 88' lang='lat' dir='ltr'>fere</span> <span class='ocrx_word' id='word_1_259' title='bbox 3211 3828 3807 3934; x_wconf 72' lang='lat' dir='ltr'>trigintavidisse</span> 
     </span>
     <span class='ocr_line' id='line_1_31' title="bbox 1200 3935 3806 4054; baseline 0 -26"><span class='ocrx_word' id='word_1_260' title='bbox 1200 3951 1287 4028; x_wconf 71' lang='lat' dir='ltr'>&#39;in</span> <span class='ocrx_word' id='word_1_261' title='bbox 1335 3940 1663 4054; x_wconf 82' lang='lat' dir='ltr'>quadam</span> <span class='ocrx_word' id='word_1_262' title='bbox 1708 3941 1852 4019; x_wconf 84' lang='lat' dir='ltr'>viri</span> <span class='ocrx_word' id='word_1_263' title='bbox 1915 3935 2125 4021; x_wconf 65' lang='lat' dir='ltr'>dosti</span> <span class='ocrx_word' id='word_1_264' title='bbox 2168 3937 2555 4045; x_wconf 87' lang='lat' dir='ltr'>Lipfienfis</span> <span class='ocrx_word' id='word_1_265' title='bbox 2607 3937 3066 4024; x_wconf 88' lang='lat' dir='ltr'>bibliotheca</span> <span class='ocrx_word' id='word_1_266' title='bbox 3100 4004 3124 4043; x_wconf 93' lang='lat'>,</span> <span class='ocrx_word' id='word_1_267' title='bbox 3218 3940 3596 4054; x_wconf 83' lang='lat' dir='ltr'>aliquanto</span> <span class='ocrx_word' id='word_1_268' title='bbox 3638 3947 3806 4054; x_wconf 87' lang='lat' dir='ltr'>post</span> 
     </span>
     <span class='ocr_line' id='line_1_32' title="bbox 1205 4051 3810 4170; baseline -0 -25"><span class='ocrx_word' id='word_1_269' title='bbox 1205 4057 1408 4170; x_wconf 81' lang='lat' dir='ltr'>apud</span> <span class='ocrx_word' id='word_1_270' title='bbox 1434 4051 1857 4160; x_wconf 81' lang='lat' dir='ltr'>Drefigium</span> <span class='ocrx_word' id='word_1_271' title='bbox 1886 4058 1977 4137; x_wconf 92' lang='lat' dir='ltr'>V.</span> <span class='ocrx_word' id='word_1_272' title='bbox 1994 4055 2085 4137; x_wconf 91' lang='lat' dir='ltr'>C.</span> <span class='ocrx_word' id='word_1_273' title='bbox 2105 4113 2129 4152; x_wconf 91' lang='lat'>,</span> <span class='ocrx_word' id='word_1_274' title='bbox 2169 4058 2297 4164; x_wconf 88' lang='lat' dir='ltr'>qui</span> <span class='ocrx_word' id='word_1_275' title='bbox 2325 4055 2849 4138; x_wconf 89' lang='lat' dir='ltr'>Herodianum</span> <span class='ocrx_word' id='word_1_276' title='bbox 2884 4055 2960 4136; x_wconf 75' lang='lat' dir='ltr'>Ie</span> <span class='ocrx_word' id='word_1_277' title='bbox 2991 4053 3393 4169; x_wconf 83' lang='lat' dir='ltr'>aliquando</span> <span class='ocrx_word' id='word_1_278' title='bbox 3426 4060 3810 4145; x_wconf 87' lang='lat' dir='ltr'>edendum</span> 
     </span>
     <span class='ocr_line' id='line_1_33' title="bbox 1204 4165 3809 4282; baseline -0.001 -20"><span class='ocrx_word' id='word_1_279' title='bbox 1204 4176 1715 4282; x_wconf 87' lang='lat' dir='ltr'>suscepturum</span> <span class='ocrx_word' id='word_1_280' title='bbox 1751 4168 1940 4250; x_wconf 90' lang='lat' dir='ltr'>mihi</span> <span class='ocrx_word' id='word_1_281' title='bbox 1984 4165 2421 4252; x_wconf 83' lang='lat' dir='ltr'>affirmabat.</span> <span class='ocrx_word' id='word_1_282' title='bbox 2579 4170 2772 4252; x_wconf 85' lang='lat' dir='ltr'>nlud</span> <span class='ocrx_word' id='word_1_283' title='bbox 2812 4169 3014 4256; x_wconf 83' lang='lat' dir='ltr'>filere</span> <span class='ocrx_word' id='word_1_284' title='bbox 3058 4200 3215 4255; x_wconf 89' lang='lat' dir='ltr'>non</span> <span class='ocrx_word' id='word_1_285' title='bbox 3271 4174 3561 4282; x_wconf 87' lang='lat' dir='ltr'>debeo,</span> <span class='ocrx_word' id='word_1_286' title='bbox 3616 4178 3809 4260; x_wconf 85' lang='lat' dir='ltr'>mihi</span> 
     </span>
     <span class='ocr_line' id='line_1_34' title="bbox 1201 4281 3812 4400; baseline 0.001 -26"><span class='ocrx_word' id='word_1_287' title='bbox 1201 4290 1518 4386; x_wconf 75' lang='lat' dir='ltr'>tandem</span> <span class='ocrx_word' id='word_1_288' title='bbox 1558 4307 1716 4372; x_wconf 82' lang='lat' dir='ltr'>tam</span> <span class='ocrx_word' id='word_1_289' title='bbox 1768 4281 1975 4370; x_wconf 72' lang='lat' dir='ltr'>felici</span> <span class='ocrx_word' id='word_1_290' title='bbox 2018 4283 2161 4373; x_wconf 81' lang='lat' dir='ltr'>effe</span> <span class='ocrx_word' id='word_1_291' title='bbox 2209 4282 2487 4373; x_wconf 73' lang='lat' dir='ltr'>lieuiss‘e</span> <span class='ocrx_word' id='word_1_292' title='bbox 2505 4314 2559 4394; x_wconf 90' lang='lat'>,·</span> <span class='ocrx_word' id='word_1_293' title='bbox 2583 4308 2663 4371; x_wconf 85' lang='lat' dir='ltr'>vt</span> <span class='ocrx_word' id='word_1_294' title='bbox 2697 4293 2923 4400; x_wconf 84' lang='lat' dir='ltr'>copia</span> <span class='ocrx_word' id='word_1_295' title='bbox 2957 4286 3185 4376; x_wconf 85' lang='lat' dir='ltr'>huius</span> <span class='ocrx_word' id='word_1_296' title='bbox 3213 4286 3565 4377; x_wconf 84' lang='lat' dir='ltr'>verfionis</span> <span class='ocrx_word' id='word_1_297' title='bbox 3598 4292 3812 4378; x_wconf 69' lang='lat' dir='ltr'>dare.-</span> 
     </span>
     <span class='ocr_line' id='line_1_35' title="bbox 1206 4429 3809 4491; baseline -0 0"><span class='ocrx_word' id='word_1_298' title='bbox 1206 4429 1219 4440; x_wconf 87' lang='grc'><em>·</em></span> <span class='ocrx_word' id='word_1_299' title='bbox 1264 4447 1271 4452; x_wconf 86' lang='grc'><em>·</em></span> <span class='ocrx_word' id='word_1_300' title='bbox 1340 4447 1385 4454; x_wconf 91' lang='grc'>·-</span> <span class='ocrx_word' id='word_1_301' title='bbox 3664 4429 3809 4491; x_wconf 85' lang='lat' dir='ltr'>tur.</span> 
     </span>
    </p>
   </div>
  </div>
 </body>
</html>
